<?xml version="1.0" encoding="UTF-8"?><collection xmlns="http://www.loc.gov/MARC21/slim"><record><leader>00414nam--2200145-i-4500</leader><controlfield tag="001">000001495</controlfield><controlfield tag="002">20161230</controlfield><controlfield tag="005">20161230201024</controlfield><controlfield tag="008">060222s1000------------r-----000-0-eng-d</controlfield><datafield ind1=" " ind2=" " tag="080"><subfield code="a">548.5:532.785:536.425(061.3)</subfield></datafield><datafield ind1=" " ind2=" " tag="245"><subfield code="a">Growth and perfection of crystals.proceedings</subfield></datafield><datafield ind1=" " ind2=" " tag="260"><subfield code="a">New York, John Wiley And Sons, Inc., 1958- Xviii + 609 P</subfield></datafield><datafield ind1=" " ind2=" " tag="490"><subfield code="a">Proceedings</subfield></datafield><datafield ind1=" " ind2=" " tag="700"><subfield code="a">Doremus, R.H./S.A.</subfield></datafield><datafield ind1=" " ind2=" " tag="852"><subfield code="a">14943</subfield></datafield></record></collection>